@article{wanti2022comparing,
  title={Comparing Fuzzy Logic Mamdani and Na{\"\i}ve Bayes for Dental Disease Detection.},
  author={Wanti, Linda Perdana and Somantri, Oman},
  journal={Journal of Information Systems Engineering \& Business Intelligence},
  volume={8},
  number={2},
  year={2022}
}

@article{endres2020development,
  title={Development of a deep learning algorithm for periapical disease detection in dental radiographs},
  author={Endres, Michael G and Hillen, Florian and Salloumis, Marios and Sedaghat, Ahmad R and Niehues, Stefan M and Quatela, Olivia and Hanken, Henning and Smeets, Ralf and Beck-Broichsitter, Benedicta and Rendenbach, Carsten and others},
  journal={Diagnostics},
  volume={10},
  number={6},
  pages={430},
  year={2020},
  publisher={MDPI}
}

@article{lee2018detection,
  title={Detection and diagnosis of dental caries using a deep learning-based convolutional neural network algorithm},
  author={Lee, Jae-Hong and Kim, Do-Hyung and Jeong, Seong-Nyum and Choi, Seong-Ho},
  journal={Journal of dentistry},
  volume={77},
  pages={106--111},
  year={2018},
  publisher={Elsevier}
}

@article{chen2021dental,
  title={Dental disease detection on periapical radiographs based on deep convolutional neural networks},
  author={Chen, Hu and Li, Hong and Zhao, Yijiao and Zhao, Jianjiang and Wang, Yong},
  journal={International Journal of Computer Assisted Radiology and Surgery},
  volume={16},
  pages={649--661},
  year={2021},
  publisher={Springer}
}

@article{khan2023dental,
  title={Dental image enhancement network for early diagnosis of oral dental disease},
  author={Khan, Rizwan and Akbar, Saeed and Khan, Ali and Marwan, Muhammad and Qaisar, Zahid Hussain and Mehmood, Atif and Shahid, Farah and Munir, Khushboo and Zheng, Zhonglong},
  journal={Scientific Reports},
  volume={13},
  number={1},
  pages={5312},
  year={2023},
  publisher={Nature Publishing Group UK London}
}

@article{al2022detection,
  title={Detection of Dental Diseases through X-Ray Images Using Neural Search Architecture Network.},
  author={AL-Ghamdi, Abdullah S and Ragab, Mahmoud and AlGhamdi, Saad Abdulla and Asseri, Amer H and Mansour, Romany F and Koundal, Deepika},
  journal={Computational Intelligence \& Neuroscience},
  year={2022}
}

@article{setiabudi2017expert,
  title={Expert system diagnosis dental disease using Certainty Factor method},
  author={Setiabudi, Whisnu Ulinnuha and Sugiharti, Endang and Arini, Florentina Yuni},
  journal={Scientific Journal of Informatics},
  volume={4},
  number={1},
  pages={43--50},
  year={2017}
}

@article{parewe2018dental,
  title={Dental disease detection using hybrid fuzzy logic and evolution strategies},
  author={Parewe, Andi Maulidinnawati Abdul Kadir and Mahmudy, Wayan Firdaus and Ramdhani, Fatwa and Anggodo, Yusuf Priyo},
  journal={Journal of Telecommunication, Electronic and Computer Engineering (JTEC)},
  volume={10},
  number={1-8},
  pages={27--33},
  year={2018}
}

@article{goodfellow2016deep,
  title={Deep Learning},
  author={Goodfellow, Ian and Bengio, Yoshua and Courville, Aaron},
  year={2016},
  publisher={MIT Press}
}

@inproceedings{zeiler2011adaptive,
  title={Adaptive deconvolutional networks for object classification and detection},
  author={Zeiler, Matthew D and Fergus, Rob},
  booktitle={Proceedings of the IEEE conference on computer vision and pattern recognition},
  pages={2808--2815},
  year={2011},
  organization={IEEE}
}

@inproceedings{simonyan2014very,
  title={Very deep convolutional networks for large-scale image recognition},
  author={Simonyan, Karen and Zisserman, Andrew},
  booktitle={arXiv preprint arXiv:1409.1556},
  year={2014}
}

@inproceedings{srivastava2014dropout,
  title={Dropout: A simple way to prevent neural networks from overfitting},
  author={Srivastava, Nitish and Hinton, Geoffrey E},
  booktitle={Journal of machine learning research},
  volume={15},
  number={1},
  pages={1929--1958},
  year={2014}
}

@inproceedings{nair2010rectified,
  title={Rectified linear units improve neural network acoustic models},
  author={Nair, Vinod and Hinton, Geoffrey E},
  booktitle={Proceedings of the 30th international conference on machine learning},
  pages={807--814},
  year={2010},
  organization={ACM}
}

@book{bishop2006pattern,
  title={Pattern Recognition and Machine Learning},
  author={Bishop, Christopher M},
  year={2006},
  publisher={Springer}
}